@article{Dimmock2020,
author = {Dimmock, A. P. and Rosenqvist, L. and Welling, D. and Viljanen, A. and Honkonen, I. and Boynton, R. J. and Yordanova, E.},
doi = {10.1029/2020sw002497},
issn = {1542-7390},
journal = {Space Weather},
title = {{On the regional variability of dB/dt and its significance to GIC}},
year = {2020}
}

@article{Hietala2012,
author = {Hietala, H. and Partamies, N. and Laitinen, T. V. and Clausen, L. B.N. and Facsk{\`{o}}, G. and Vaivads, A. and Koskinen, H. E.J. and Dandouras, I. and R{\`{e}}me, H. and Lucek, E. A.},
doi = {10.5194/angeo-30-33-2012},
issn = {09927689},
journal = {Annales Geophysicae},
keywords = {(Planetary bow shocks) - Magnetospheric physics (Magnetosheath,Interplanetary physics,Solar windmagnetosphere interactions)},
title = {{Supermagnetosonic subsolar magnetosheath jets and their effects: From the solar wind to the ionospheric convection}},
year = {2012}
}


@article{Lopez2010,
author = {Lopez, R. E. and Bruntz, R. and Mitchell, E. J. and Wiltberger, M. and Lyon, J. G. and Merkin, V. G.},
doi = {10.1029/2009JA014597},
issn = {21699402},
journal = {Journal of Geophysical Research: Space Physics},
title = {{Role of magnetosheath force balance in regulating the dayside reconnection potential}},
year = {2010}
}


@article{Reeves2020,
author = {Reeves, Geoffrey D and Vandegriff, Elizabeth M and Niehof, Jonathan T and Morley, Steven K and Cunningham, Gregory S and Henderson, Michael G and Larsen, Brian A},
doi = {10.1029/2020SW002528},
journal = {Space Weather},
month = {jun},
title = {{Defining Radiation Belt Enhancement Events Based on Probability Distributions}},
url = {https://doi.org/10.1029/2020SW002528},
year = {2020}
}
